@misc{home-repo,
  author    = {{Barnabás Zahorán}},
  title     = {{Agda formalisation of an elaborator for a simply typed language}},
  url       = {https://github.com/seeker04/stlc-agda-elab},
  year      = {2023},
  note      = {(Accessed 2023-11-24)}
}
@misc{agda,
  author    = {{The Agda development team}},
  title     = {{Agda wiki}},
  url       = {https://wiki.portal.chalmers.se/agda},
  year      = {2020},
  note      = {(Accessed 2023-11-24)}
}
@book{martin1984intuitionistic,
  title     = {Intuitionistic type theory},
  author    = {Martin-L{\"o}f, Per and Sambin, Giovanni},
  volume    = {9},
  year      = {1984},
  publisher = {Bibliopolis Naples}
}
@article{sorensen1998curry,
  title     = {Curry-Howard Isomorphism},
  author    = {S{\o}rensen, Morten Heine B and l Urzyczyn, Pawe},
  journal   = {Studies in Logic and the Foundations of Mathematics},
  volume    = {149},
  pages     = {77--101},
  year      = {1998}
}
@software{The_Agda_Community_Agda_Standard_Library_2023,
  author    = {{The Agda Community}},
  month     = feb,
  title     = {{Agda Standard Library}},
  url       = {https://github.com/agda/agda-stdlib},
  version   = {1.7.2},
  year      = {2023},
  note      = {(Accessed 2023-11-24)}
}
@article{allais2018agdarsec,
  title     = {agdarsec--Total parser combinators},
  author    = {Allais, Guillaume},
  journal   = {of: Boldo, Sylvie, \& Magaud, Nicolas (eds), JFLA},
  pages     = {45--59},
  year      = {2018}
}
@article{veltri2019guarded,
  title     = {Guarded recursion in Agda via sized types},
  author    = {Veltri, Niccol{\`o} and van der Weide, NM},
  year      = {2019},
  publisher = {Dagstuhl: Schloss Dagstuhl--Leibniz-Zentrum fuer Informatik}
}
@misc{typesystems-repo,
  author    = {{Ambrus Kaposi}},
  title     = {{Type systems (course notes)}},
  url       = {https://bitbucket.org/akaposi/typesystems},
  year      = {2020},
  note      = {(Accessed 2023-11-24)}
}
@Unpublished{godelTalk,
  author    = {Ambrus Kaposi},
  title     = {Levels of abstraction when defining type theory in type theory},
  note      = {Talk given at Conference ``Celebrating 90 Years of Gödel's Incompleteness Theorems'' in Nürtingen, Germany. Slides: \url{https://akaposi.github.io/pres_godel90.pdf}. Video: \url{https://youtu.be/8qRrN6ewSYw} (Accessed 2023-11-24)},
  url       = {https://akaposi.github.io/pres_godel90.pdf},
  day       = {6},
  month     = {July},
  year      = {2021}
}
@inproceedings{de1972lambda,
  title     = {Lambda calculus notation with nameless dummies, a tool for automatic formula manipulation, with application to the Church-Rosser theorem},
  author    = {De Bruijn, Nicolaas Govert},
  booktitle = {Indagationes Mathematicae (Proceedings)},
  volume    = {75},
  number    = {5},
  pages     = {381--392},
  year      = {1972},
  organization = {Elsevier}
}
@article{dunfield2021bidirectional,
  title     = {Bidirectional typing},
  author    = {Dunfield, Jana and Krishnaswami, Neel},
  journal   = {ACM Computing Surveys (CSUR)},
  volume    = {54},
  number    = {5},
  pages     = {1--38},
  year      = {2021},
  publisher = {ACM New York, NY, USA}
}
@inproceedings{altenkirch2018quotient,
  title     = {Quotient inductive-inductive types},
  author    = {Altenkirch, Thorsten and Capriotti, Paolo and Dijkstra, Gabe and Kraus, Nicolai and Nordvall Forsberg, Fredrik},
  booktitle = {International Conference on Foundations of Software Science and Computation Structures},
  pages     = {293--310},
  year      = {2018},
  organization={Springer International Publishing Cham}
}
@article{castellan2021categories,
  title     = {Categories with families: Unityped, simply typed, and dependently typed},
  author    = {Castellan, Simon and Clairambault, Pierre and Dybjer, Peter},
  journal   = {Joachim Lambek: The Interplay of Mathematics, Logic, and Linguistics},
  pages     = {135--180},
  year      = {2021},
  publisher = {Springer}
}
@book{plotkin1981structural,
  title     = {A structural approach to operational semantics},
  author    = {Plotkin, Gordon D},
  year      = {1981},
  publisher = {Aarhus university}
}
@Book{plfa22.08,
  author    = {Philip Wadler and Wen Kokke and Jeremy G. Siek},
  title     = {Programming Language Foundations in {A}gda},
  year      = {2022},
  month     = aug,
  url       = {https://plfa.inf.ed.ac.uk/22.08/},
  note      = {(Accessed 2023-11-24)}
}
@book{Pierce:SF1,
  author    = {Benjamin C. Pierce and
                Arthur Azevedo de Amorim and
                Chris Casinghino and
                Marco Gaboardi and
                Michael Greenberg and
                Cătălin Hriţcu and
                Vilhelm Sjöberg and
                Brent Yorgey},
  editor    = {Benjamin C. Pierce},
  title     = "Logical Foundations",
  series    = "Software Foundations",
  volume    = "1",
  year      = "2023",
  publisher = "Electronic textbook",
  note      = {Version 6.5, \url{http://softwarefoundations.cis.upenn.edu} (Accessed 2023-11-24)}
}

